@article{example1970,
  title={Example bibliography reference},
  author={Da Vinci, Leonardo},
  journal={Leonardo},
  pages={433--460},
  year={1970},
  publisher={JSTOR}
}
